<record><leader>00000cas a2200000 a 4500</leader><controlfield tag="001">806140293</controlfield><controlfield tag="008">120814c20109999scumr ne      0    0eng c</controlfield><datafield ind1=" " ind2=" " tag="010"><subfield code="a">  2012271275</subfield></datafield><datafield ind1=" " ind2=" " tag="040"><subfield code="a">SUC</subfield><subfield code="b">eng</subfield><subfield code="c">SUC</subfield><subfield code="d">SUC</subfield><subfield code="d">OCLCF</subfield></datafield><datafield ind1=" " ind2=" " tag="042"><subfield code="a">pcc</subfield></datafield><datafield ind1=" " ind2=" " tag="043"><subfield code="a">n-us-sc</subfield></datafield><datafield ind1="0" ind2="4" tag="245"><subfield code="a">The Simpsonville sentinel.</subfield></datafield><datafield ind1=" " ind2=" " tag="260"><subfield code="a">Simpsonville, S.C. :</subfield><subfield code="b">Bob Gecy</subfield></datafield><datafield ind1=" " ind2=" " tag="300"><subfield code="a">v. :</subfield><subfield code="b">ill. (some col.) ;</subfield><subfield code="c">58 cm.</subfield></datafield><datafield ind1=" " ind2=" " tag="310"><subfield code="a">Monthly</subfield></datafield><datafield ind1="1" ind2=" " tag="362"><subfield code="a">Began in 2011.</subfield></datafield><datafield ind1=" " ind2=" " tag="500"><subfield code="a">"Serving Simpsonville and the surrounding communities."</subfield></datafield><datafield ind1=" " ind2=" " tag="588"><subfield code="a">Description based on: Vol. 1, no. 12 (Aug.19-Sept. 16, 2011).</subfield></datafield><datafield ind1=" " ind2="0" tag="651"><subfield code="a">Simpsonville (S.C.)</subfield><subfield code="v">Newspapers.</subfield></datafield><datafield ind1=" " ind2="0" tag="651"><subfield code="a">Greenville County (S.C.)</subfield><subfield code="v">Newspapers.</subfield></datafield><datafield ind1=" " ind2="7" tag="655"><subfield code="a">Newspapers.</subfield><subfield code="2">fast</subfield><subfield code="0">(OCoLC)fst01423814</subfield></datafield><datafield ind1=" " ind2="7" tag="651"><subfield code="a">South Carolina</subfield><subfield code="z">Greenville County.</subfield><subfield code="2">fast</subfield><subfield code="0">(OCoLC)fst01209838</subfield></datafield><datafield ind1=" " ind2="7" tag="651"><subfield code="a">South Carolina</subfield><subfield code="z">Simpsonville.</subfield><subfield code="2">fast</subfield><subfield code="0">(OCoLC)fst01229513</subfield></datafield><datafield ind1=" " ind2=" " tag="752"><subfield code="a">United States</subfield><subfield code="b">South Carolina</subfield><subfield code="c">Greenville</subfield><subfield code="d">Simpsonville.</subfield></datafield><datafield ind1="4" ind2="1" tag="856"><subfield code="u">http://simpsonvillesentinel.com/</subfield></datafield></record>